[gd_scene load_steps=8 format=2]

[ext_resource path="res://enemies/attacker.gd" type="Script" id=1]
[ext_resource path="res://icon.png" type="Texture" id=2]
[ext_resource path="res://enemies/ships/02/thug_minion.front.webp" type="Texture" id=3]

[sub_resource type="Animation" id=1]

resource_name = "goingdn"
length = 0.2
loop = false
step = 0.1
tracks/0/type = "value"
tracks/0/path = NodePath("Sprite:frame")
tracks/0/interp = 1
tracks/0/loop_wrap = true
tracks/0/imported = false
tracks/0/keys = {
"times": PoolFloatArray( 0, 0.2 ),
"transitions": PoolFloatArray( 1, 1 ),
"update": 0,
"values": [ 2, 0 ]
}

[sub_resource type="Animation" id=2]

length = 0.2
loop = false
step = 0.1
tracks/0/type = "value"
tracks/0/path = NodePath("Sprite:frame")
tracks/0/interp = 1
tracks/0/loop_wrap = true
tracks/0/imported = false
tracks/0/keys = {
"times": PoolFloatArray( 0, 0.2 ),
"transitions": PoolFloatArray( 1, 1 ),
"update": 0,
"values": [ 1, 3 ]
}

[sub_resource type="Animation" id=3]

resource_name = "idle1"
length = 2.6
loop = false
step = 0.1
tracks/0/type = "value"
tracks/0/path = NodePath("../Sprite:position")
tracks/0/interp = 2
tracks/0/loop_wrap = true
tracks/0/imported = false
tracks/0/keys = {
"times": PoolFloatArray( 0, 0.2, 0.3, 0.5, 0.7, 0.9, 1.1, 1.3, 1.5, 1.6, 1.8, 2, 2.2, 2.4, 2.6, 2.6 ),
"transitions": PoolFloatArray( 1, 1, 1, 1, 1, 1, 1, 1, 1, 1, 1, 1, 1, 1, 1, 1 ),
"update": 0,
"values": [ Vector2( 0, 0 ), Vector2( 3.9014, 6.33976 ), Vector2( 2.43845, 9.75348 ), Vector2( -0.975311, 15.1179 ), Vector2( -3.47392, 9.79017 ), Vector2( -4.39917, 4.89927 ), Vector2( -3.77702, -3.24125 ), Vector2( 3.21631, -5.31548 ), Vector2( 3.9014, 6.33976 ), Vector2( 2.43845, 12.6795 ), Vector2( -0.975311, 15.1179 ), Vector2( -3.47392, 9.79017 ), Vector2( -4.39917, 4.89927 ), Vector2( -3.77702, -3.24125 ), Vector2( 0, 0 ), Vector2( 3.21631, -5.31548 ) ]
}

[sub_resource type="Animation" id=4]

resource_name = "idle2"
length = 2.6
loop = false
step = 0.1
tracks/0/type = "value"
tracks/0/path = NodePath("../Sprite:position")
tracks/0/interp = 2
tracks/0/loop_wrap = true
tracks/0/imported = false
tracks/0/keys = {
"times": PoolFloatArray( 0, 0.2, 0.4, 0.6, 0.8, 1, 1.2, 1.4, 1.6, 1.9, 2, 2.2, 2.4, 2.6, 2.6 ),
"transitions": PoolFloatArray( 1, 1, 1, 1, 1, 1, 1, 1, 1, 1, 1, 1, 1, 1, 1 ),
"update": 0,
"values": [ Vector2( 0, 0 ), Vector2( -1.46301, 2.92604 ), Vector2( -3.38493, 5.79451 ), Vector2( 4.05676, 9.94948 ), Vector2( 3.12976, 12.8815 ), Vector2( -1.03185, 14.0084 ), Vector2( -4.06038, 9.93976 ), Vector2( -3.80403, 5.78933 ), Vector2( -9.15691, -1.83559 ), Vector2( -1.22847, -14.992 ), Vector2( 1.27288, -16.1726 ), Vector2( -1.79084, -11.5765 ), Vector2( -1.9708, -5.68388 ), Vector2( 0, 0 ), Vector2( 3.21631, -5.31548 ) ]
}

[node name="attacker" type="Node2D"]

script = ExtResource( 1 )

[node name="ship" type="Area2D" parent="."]

input_pickable = true
gravity_vec = Vector2( 0, 1 )
gravity = 98.0
linear_damp = 0.1
angular_damp = 1.0
audio_bus_override = false
audio_bus_name = "Master"

[node name="shape" type="CollisionPolygon2D" parent="ship"]

build_mode = 0
polygon = PoolVector2Array( -115.274, -8.813, -11.274, -62.813, 119.726, -5.813, 2.72601, 56.187 )

[node name="shield" type="Area2D" parent="."]

input_pickable = true
gravity_vec = Vector2( 0, 1 )
gravity = 98.0
linear_damp = 0.1
angular_damp = 1.0
audio_bus_override = false
audio_bus_name = "Master"

[node name="origin" type="Sprite" parent="shield"]

modulate = Color( 1, 0, 0, 1 )
position = Vector2( -143.874, -8.60877 )
scale = Vector2( 0.395863, 1.85847 )
texture = ExtResource( 2 )

[node name="shape2" type="CollisionPolygon2D" parent="shield"]

position = Vector2( -145.548, -7.82088 )
rotation = 1.4956
scale = Vector2( 0.570474, 0.343891 )
build_mode = 0
polygon = PoolVector2Array( -115.274, -8.813, -11.274, -62.813, 119.726, -5.813, 2.72601, 56.187 )

[node name="Label" type="Label" parent="."]

margin_left = -113.0
margin_top = -91.0
margin_right = -73.0
margin_bottom = -77.0
rect_pivot_offset = Vector2( 0, 0 )
rect_clip_content = false
mouse_filter = 2
size_flags_vertical = 0
percent_visible = 1.0
lines_skipped = 0
max_lines_visible = -1

[node name="Sprite" type="Sprite" parent="."]

scale = Vector2( 0.5, 0.5 )
texture = ExtResource( 3 )
vframes = 2
hframes = 2

[node name="anim" type="AnimationPlayer" parent="."]

playback_process_mode = 1
playback_default_blend_time = 0.0
root_node = NodePath("..")
anims/goingdn = SubResource( 1 )
anims/goingup = SubResource( 2 )
playback/active = true
playback/speed = 1.0
blend_times = [  ]
autoplay = ""

[node name="idle" type="AnimationPlayer" parent="anim"]

playback_process_mode = 1
playback_default_blend_time = 0.0
root_node = NodePath("..")
anims/idle1 = SubResource( 3 )
anims/idle2 = SubResource( 4 )
playback/active = true
playback/speed = 1.0
blend_times = [  ]
autoplay = "idle2"

[node name="orig_mid" type="Sprite" parent="."]

modulate = Color( 0, 1, 0.132812, 1 )
scale = Vector2( 0.348731, 0.313093 )
texture = ExtResource( 2 )

[node name="target_mid" type="Sprite" parent="."]

modulate = Color( 0, 0, 1, 1 )
position = Vector2( -0.975342, 43.4031 )
scale = Vector2( 0.348731, 0.313093 )
texture = ExtResource( 2 )


