[gd_scene load_steps=39 format=2]

[ext_resource path="res://ship/shipone.gd" type="Script" id=1]
[ext_resource path="res://ship/sprite/ship_one_1.png" type="Texture" id=2]
[ext_resource path="res://ship/sprite/01.png" type="Texture" id=3]
[ext_resource path="res://ship/sprite/02.png" type="Texture" id=4]
[ext_resource path="res://ship/sprite/03.png" type="Texture" id=5]
[ext_resource path="res://ship/sprite/04.png" type="Texture" id=6]
[ext_resource path="res://ship/sprite/05.png" type="Texture" id=7]
[ext_resource path="res://ship/sprite/06.png" type="Texture" id=8]
[ext_resource path="res://ship/sprite/07.png" type="Texture" id=9]
[ext_resource path="res://ship/sprite/08.png" type="Texture" id=10]
[ext_resource path="res://ship/sprite/09.png" type="Texture" id=11]
[ext_resource path="res://ship/sprite/fx/flame_0.png" type="Texture" id=12]
[ext_resource path="res://ship/sprite/fx/flame_1.png" type="Texture" id=13]
[ext_resource path="res://ship/sprite/fx/flame_2.png" type="Texture" id=14]
[ext_resource path="res://ship/sprite/fx/flame_3.png" type="Texture" id=15]
[ext_resource path="res://ship/sprite/fx/flame_4.png" type="Texture" id=16]
[ext_resource path="res://ship/gunner.tscn" type="PackedScene" id=17]
[ext_resource path="res://ship/sprite/ui/hb_btm.webp" type="Texture" id=18]
[ext_resource path="res://ship/sprite/ui/hb_top.webp" type="Texture" id=19]
[ext_resource path="res://ship/sprite/ui/hb_prog.webp" type="Texture" id=20]

[sub_resource type="SpriteFrames" id=1]

animations = [ {
"frames": [ ExtResource( 3 ), ExtResource( 4 ), ExtResource( 5 ), ExtResource( 6 ), ExtResource( 7 ), ExtResource( 8 ), ExtResource( 9 ), ExtResource( 10 ), ExtResource( 11 ) ],
"loop": true,
"name": "default",
"speed": 5.0
} ]

[sub_resource type="SpriteFrames" id=2]

animations = [ {
"frames": [ ExtResource( 12 ), ExtResource( 13 ), ExtResource( 14 ), ExtResource( 15 ), ExtResource( 16 ) ],
"loop": true,
"name": "default",
"speed": 4.9784
} ]

[sub_resource type="Animation" id=3]

resource_name = "going.dwback"
length = 0.1
loop = false
step = 0.1
tracks/0/type = "value"
tracks/0/path = NodePath("core:frame")
tracks/0/interp = 1
tracks/0/loop_wrap = true
tracks/0/imported = false
tracks/0/keys = {
"times": PoolFloatArray( 0, 0.1 ),
"transitions": PoolFloatArray( 1, 1 ),
"update": 1,
"values": [ 6, 5 ]
}

[sub_resource type="Animation" id=4]

resource_name = "going.dwfront"
length = 0.1
loop = false
step = 0.1
tracks/0/type = "value"
tracks/0/path = NodePath("core:frame")
tracks/0/interp = 1
tracks/0/loop_wrap = true
tracks/0/imported = false
tracks/0/keys = {
"times": PoolFloatArray( 0, 0.1 ),
"transitions": PoolFloatArray( 1, 1 ),
"update": 1,
"values": [ 1, 0 ]
}

[sub_resource type="Animation" id=5]

resource_name = "going.upback"
length = 0.1
loop = false
step = 0.1
tracks/0/type = "value"
tracks/0/path = NodePath("core:frame")
tracks/0/interp = 1
tracks/0/loop_wrap = true
tracks/0/imported = false
tracks/0/keys = {
"times": PoolFloatArray( 0, 0.1 ),
"transitions": PoolFloatArray( 1, 1 ),
"update": 1,
"values": [ 7, 8 ]
}

[sub_resource type="Animation" id=6]

resource_name = "going.upfront"
length = 0.1
loop = false
step = 0.1
tracks/0/type = "value"
tracks/0/path = NodePath("core:frame")
tracks/0/interp = 1
tracks/0/loop_wrap = true
tracks/0/imported = false
tracks/0/keys = {
"times": PoolFloatArray( 0, 0.1 ),
"transitions": PoolFloatArray( 1, 1 ),
"update": 1,
"values": [ 3, 4 ]
}

[sub_resource type="Animation" id=7]

resource_name = "idle"
length = 1.0
loop = false
step = 0.1
tracks/0/type = "value"
tracks/0/path = NodePath("core:frame")
tracks/0/interp = 1
tracks/0/loop_wrap = true
tracks/0/imported = false
tracks/0/keys = {
"times": PoolFloatArray( 0 ),
"transitions": PoolFloatArray( 1 ),
"update": 1,
"values": [ 2 ]
}

[sub_resource type="Animation" id=8]

resource_name = "return.dwback"
length = 0.1
loop = false
step = 0.1
tracks/0/type = "value"
tracks/0/path = NodePath("core:frame")
tracks/0/interp = 1
tracks/0/loop_wrap = true
tracks/0/imported = false
tracks/0/keys = {
"times": PoolFloatArray( 0, 0.1 ),
"transitions": PoolFloatArray( 1, 1 ),
"update": 1,
"values": [ 6, 2 ]
}

[sub_resource type="Animation" id=9]

resource_name = "return.dwfront"
length = 0.1
loop = false
step = 0.1
tracks/0/type = "value"
tracks/0/path = NodePath("core:frame")
tracks/0/interp = 1
tracks/0/loop_wrap = true
tracks/0/imported = false
tracks/0/keys = {
"times": PoolFloatArray( 0, 0.1 ),
"transitions": PoolFloatArray( 1, 1 ),
"update": 1,
"values": [ 1, 2 ]
}

[sub_resource type="Animation" id=10]

resource_name = "return.upback"
length = 0.1
loop = false
step = 0.1
tracks/0/type = "value"
tracks/0/path = NodePath("core:frame")
tracks/0/interp = 1
tracks/0/loop_wrap = true
tracks/0/imported = false
tracks/0/keys = {
"times": PoolFloatArray( 0, 0.1 ),
"transitions": PoolFloatArray( 1, 1 ),
"update": 1,
"values": [ 7, 2 ]
}

[sub_resource type="Animation" id=11]

resource_name = "return.upfront"
length = 0.1
loop = false
step = 0.1
tracks/0/type = "value"
tracks/0/path = NodePath("core:frame")
tracks/0/interp = 1
tracks/0/loop_wrap = true
tracks/0/imported = false
tracks/0/keys = {
"times": PoolFloatArray( 0, 0.1 ),
"transitions": PoolFloatArray( 1, 1 ),
"update": 1,
"values": [ 3, 2 ]
}

[sub_resource type="Animation" id=12]

resource_name = "switch.dwback"
length = 0.2
loop = false
step = 0.1
tracks/0/type = "value"
tracks/0/path = NodePath("core:frame")
tracks/0/interp = 1
tracks/0/loop_wrap = true
tracks/0/imported = false
tracks/0/keys = {
"times": PoolFloatArray( 0, 0.1, 0.2 ),
"transitions": PoolFloatArray( 1, 1, 1 ),
"update": 1,
"values": [ 1, 6, 5 ]
}

[sub_resource type="Animation" id=13]

resource_name = "switch.dwfront"
length = 0.2
loop = false
step = 0.1
tracks/0/type = "value"
tracks/0/path = NodePath("core:frame")
tracks/0/interp = 1
tracks/0/loop_wrap = true
tracks/0/imported = false
tracks/0/keys = {
"times": PoolFloatArray( 0, 0.1, 0.2 ),
"transitions": PoolFloatArray( 1, 1, 1 ),
"update": 1,
"values": [ 6, 1, 0 ]
}

[sub_resource type="Animation" id=14]

resource_name = "switch.upback"
length = 0.2
loop = false
step = 0.1
tracks/0/type = "value"
tracks/0/path = NodePath("core:frame")
tracks/0/interp = 1
tracks/0/loop_wrap = true
tracks/0/imported = false
tracks/0/keys = {
"times": PoolFloatArray( 0, 0.1, 0.2 ),
"transitions": PoolFloatArray( 1, 1, 1 ),
"update": 1,
"values": [ 3, 7, 8 ]
}

[sub_resource type="Animation" id=15]

resource_name = "switch.upfront"
length = 0.2
loop = false
step = 0.1
tracks/0/type = "value"
tracks/0/path = NodePath("core:frame")
tracks/0/interp = 1
tracks/0/loop_wrap = true
tracks/0/imported = false
tracks/0/keys = {
"times": PoolFloatArray( 0, 0.1, 0.2 ),
"transitions": PoolFloatArray( 1, 1, 1 ),
"update": 1,
"values": [ 7, 3, 4 ]
}

[sub_resource type="Animation" id=16]

length = 0.2
loop = false
step = 0.1
tracks/0/type = "value"
tracks/0/path = NodePath("core:frame")
tracks/0/interp = 1
tracks/0/loop_wrap = true
tracks/0/imported = false
tracks/0/keys = {
"times": PoolFloatArray( 0, 0.1, 0.2 ),
"transitions": PoolFloatArray( 1, 1, 1 ),
"update": 1,
"values": [ 6, 1, 0 ]
}

[sub_resource type="Animation" id=17]

length = 0.2
loop = false
step = 0.1
tracks/0/type = "value"
tracks/0/path = NodePath("core:frame")
tracks/0/interp = 1
tracks/0/loop_wrap = true
tracks/0/imported = false
tracks/0/keys = {
"times": PoolFloatArray( 0, 0.1, 0.2 ),
"transitions": PoolFloatArray( 1, 1, 1 ),
"update": 1,
"values": [ 7, 3, 4 ]
}

[sub_resource type="Animation" id=18]

length = 0.4
loop = true
step = 0.1
tracks/0/type = "value"
tracks/0/path = NodePath("fx:frame")
tracks/0/interp = 1
tracks/0/loop_wrap = true
tracks/0/imported = false
tracks/0/keys = {
"times": PoolFloatArray( 0, 0.4 ),
"transitions": PoolFloatArray( 1, 1 ),
"update": 0,
"values": [ 0, 4 ]
}

[node name="shipone" type="Node2D"]

script = ExtResource( 1 )

[node name="main" type="Sprite" parent="."]

visible = false
scale = Vector2( 0.3, 0.3 )
texture = ExtResource( 2 )

[node name="core" type="AnimatedSprite" parent="."]

scale = Vector2( 0.657006, 0.657006 )
frames = SubResource( 1 )
animation = "default"
frame = 2

[node name="fx" type="AnimatedSprite" parent="."]

position = Vector2( -148.438, -0.520454 )
scale = Vector2( 0.3, 0.3 )
frames = SubResource( 2 )
animation = "default"

[node name="gunner" parent="." instance=ExtResource( 17 )]

position = Vector2( 41, 0 )

[node name="ship_anim" type="AnimationPlayer" parent="."]

playback_process_mode = 1
playback_default_blend_time = 0.0
root_node = NodePath("..")
anims/going.dwback = SubResource( 3 )
anims/going.dwfront = SubResource( 4 )
anims/going.upback = SubResource( 5 )
anims/going.upfront = SubResource( 6 )
anims/idle = SubResource( 7 )
anims/return.dwback = SubResource( 8 )
anims/return.dwfront = SubResource( 9 )
anims/return.upback = SubResource( 10 )
anims/return.upfront = SubResource( 11 )
anims/switch.dwback = SubResource( 12 )
anims/switch.dwfront = SubResource( 13 )
anims/switch.upback = SubResource( 14 )
anims/switch.upfront = SubResource( 15 )
anims/transition.down = SubResource( 16 )
anims/transition.up = SubResource( 17 )
playback/active = true
playback/speed = 1.0
blend_times = [  ]
autoplay = "idle"

[node name="fx2" type="AnimationPlayer" parent="."]

playback_process_mode = 1
playback_default_blend_time = 0.0
root_node = NodePath("..")
anims/burst_normal = SubResource( 18 )
playback/active = true
playback/speed = 1.0
blend_times = [  ]
autoplay = "burst_normal"

[node name="healthbar_" type="Node2D" parent="."]

position = Vector2( 15.5671, -2.39494 )

[node name="healthbar" type="TextureProgress" parent="."]

margin_left = -51.0
margin_top = 62.0
margin_right = 461.0
margin_bottom = 190.0
rect_scale = Vector2( 0.2, 0.2 )
rect_clip_content = false
mouse_filter = 1
min_value = 0.0
max_value = 100.0
step = 1.0
page = 0.0
value = 100.0
exp_edit = true
rounded = false
texture_under = ExtResource( 18 )
texture_over = ExtResource( 19 )
texture_progress = ExtResource( 20 )
radial_initial_angle = 0.3
radial_fill_degrees = 360.0
radial_center_offset = Vector2( 0, 0 )

[node name="label" type="Label" parent="healthbar"]

margin_left = 232.5
margin_top = 125.0
margin_right = 306.5
margin_bottom = 139.0
rect_scale = Vector2( 4, 4 )
rect_clip_content = false
mouse_filter = 2
size_flags_vertical = 0
text = "damage: off"
percent_visible = 1.0
lines_skipped = 0
max_lines_visible = -1


